<?xml version="1.0" encoding="UTF-8"?><collection xmlns="http://www.loc.gov/MARC21/slim"><record><leader>00475nam--2200181-u-4500</leader><controlfield tag="001">000055803</controlfield><controlfield tag="002">20161230</controlfield><controlfield tag="005">20161230201052</controlfield><controlfield tag="008">130801s1000------------r-----000-0-rus-d</controlfield><datafield ind1=" " ind2=" " tag="040"><subfield code="a">IFIN-HH</subfield></datafield><datafield ind1=" " ind2=" " tag="041"><subfield code="a">rus</subfield></datafield><datafield ind1=" " ind2=" " tag="080"><subfield code="a">519.28</subfield></datafield><datafield ind1="1" ind2=" " tag="100"><subfield code="a">Iakovlev, K.P</subfield></datafield><datafield ind1="1" ind2="0" tag="245"><subfield code="a">Matematiceskaia obrabotka rezultatov izmerenii</subfield><subfield code="c">K.p. iakovlev</subfield></datafield><datafield ind1=" " ind2=" " tag="260"><subfield code="a">Moskva</subfield><subfield code="b">Tehniko-teoreticeskoi Literaturi</subfield><subfield code="c">1953</subfield></datafield><datafield ind1=" " ind2=" " tag="300"><subfield code="a">383P</subfield></datafield><datafield ind1=" " ind2=" " tag="852"><subfield code="a">1176</subfield><subfield code="c">519.24</subfield></datafield><datafield ind1=" " ind2=" " tag="CAT"><subfield code="a">Sys</subfield><subfield code="c">20130801</subfield><subfield code="h">121959</subfield></datafield></record></collection>